@ARTICLE{Huber2010,
   author = {{Huber}, K.~F. and {Czesla}, S. and {Wolter}, U. and {Schmitt}, J.~H.~M.~M.
	},
    title = "{Planetary eclipse mapping of CoRoT-2a. Evolution, differential rotation, and spot migration}",
  journal = {\aap},
archivePrefix = "arXiv",
   eprint = {1002.4113},
 primaryClass = "astro-ph.SR",
 keywords = {planetary systems, techniques: photometric, stars: activity, starspots, stars: individual: CoRoT-2a},
     year = 2010,
    month = may,
   volume = 514,
      eid = {A39},
    pages = {A39},
      doi = {10.1051/0004-6361/200913914},
   adsurl = {http://adsabs.harvard.edu/abs/2010A%26A...514A..39H},
  adsnote = {Provided by the SAO/NASA Astrophysics Data System}
}

@ARTICLE{Huber2009,
   author = {{Huber}, K.~F. and {Czesla}, S. and {Wolter}, U. and {Schmitt}, J.~H.~M.~M.
	},
    title = "{A planetary eclipse map of CoRoT-2a. Comprehensive lightcurve modeling combining rotational-modulation and transits}",
  journal = {\aap},
archivePrefix = "arXiv",
   eprint = {0909.3256},
 primaryClass = "astro-ph.SR",
 keywords = {techniques: photometric, stars: activity, planetary systems, starspots, stars: individual: CoRoT-2a},
     year = 2009,
    month = dec,
   volume = 508,
    pages = {901-907},
      doi = {10.1051/0004-6361/200912867},
   adsurl = {http://adsabs.harvard.edu/abs/2009A%26A...508..901H},
  adsnote = {Provided by the SAO/NASA Astrophysics Data System}
}

%Note, possibly the wrong Claret paper, but this is the one Leslie said to use
@ARTICLE{Claret2004,
   author = {{Claret}, A.},
    title = "{Non-linear limb-darkening law for LTE models. III. (Claret, 2004)}",
  journal = {VizieR Online Data Catalog},
 keywords = {Models: atmosphere, Photometry: SDSS},
     year = 2004,
    month = oct,
   volume = 342,
    pages = {81001},
   adsurl = {http://adsabs.harvard.edu/abs/2004yCat..34281001C},
  adsnote = {Provided by the SAO/NASA Astrophysics Data System}
}

@ARTICLE{MandelAgol2002,
   author = {{Mandel}, K. and {Agol}, E.},
    title = "{Analytic Light Curves for Planetary Transit Searches}",
  journal = {\apjl},
   eprint = {arXiv:astro-ph/0210099},
 keywords = {Stars: Binaries: Eclipsing, Eclipses, Occultations, Stars: Planetary Systems},
     year = 2002,
    month = dec,
   volume = 580,
    pages = {L171-L175},
      doi = {10.1086/345520},
   adsurl = {http://adsabs.harvard.edu/abs/2002ApJ...580L.171M},
  adsnote = {Provided by the SAO/NASA Astrophysics Data System}
}

@ARTICLE{Borucki2011,
   author = {{Borucki}, W.~J. and {Koch}, D.~G. and {Basri}, G. and {Batalha}, N. and 
	{Brown}, T.~M. and {Bryson}, S.~T. and {Caldwell}, D. and {Christensen-Dalsgaard}, J. and 
	{Cochran}, W.~D. and {DeVore}, E. and {Dunham}, E.~W. and {Gautier}, III, T.~N. and 
	{Geary}, J.~C. and {Gilliland}, R. and {Gould}, A. and {Howell}, S.~B. and 
	{Jenkins}, J.~M. and {Latham}, D.~W. and {Lissauer}, J.~J. and 
	{Marcy}, G.~W. and {Rowe}, J. and {Sasselov}, D. and {Boss}, A. and 
	{Charbonneau}, D. and {Ciardi}, D. and {Doyle}, L. and {Dupree}, A.~K. and 
	{Ford}, E.~B. and {Fortney}, J. and {Holman}, M.~J. and {Seager}, S. and 
	{Steffen}, J.~H. and {Tarter}, J. and {Welsh}, W.~F. and {Allen}, C. and 
	{Buchhave}, L.~A. and {Christiansen}, J.~L. and {Clarke}, B.~D. and 
	{Das}, S. and {D{\'e}sert}, J.-M. and {Endl}, M. and {Fabrycky}, D. and 
	{Fressin}, F. and {Haas}, M. and {Horch}, E. and {Howard}, A. and 
	{Isaacson}, H. and {Kjeldsen}, H. and {Kolodziejczak}, J. and 
	{Kulesa}, C. and {Li}, J. and {Lucas}, P.~W. and {Machalek}, P. and 
	{McCarthy}, D. and {MacQueen}, P. and {Meibom}, S. and {Miquel}, T. and 
	{Prsa}, A. and {Quinn}, S.~N. and {Quintana}, E.~V. and {Ragozzine}, D. and 
	{Sherry}, W. and {Shporer}, A. and {Tenenbaum}, P. and {Torres}, G. and 
	{Twicken}, J.~D. and {Van Cleve}, J. and {Walkowicz}, L. and 
	{Witteborn}, F.~C. and {Still}, M.},
    title = "{Characteristics of Planetary Candidates Observed by Kepler. II. Analysis of the First Four Months of Data}",
  journal = {\apj},
archivePrefix = "arXiv",
   eprint = {1102.0541},
 primaryClass = "astro-ph.EP",
 keywords = {planetary systems, stars: statistics, planets and satellites: detection, surveys},
     year = 2011,
    month = jul,
   volume = 736,
      eid = {19},
    pages = {19},
      doi = {10.1088/0004-637X/736/1/19},
   adsurl = {http://adsabs.harvard.edu/abs/2011ApJ...736...19B},
  adsnote = {Provided by the SAO/NASA Astrophysics Data System}
}

@book{NR,
 author = {Press, William H. and Teukolsky, Saul A. and Vetterling, William T. and Flannery, Brian P.},
 title = {Numerical recipes in C (2nd ed.): the art of scientific computing},
 year = {1992},
 isbn = {0-521-43108-5},
 publisher = {Cambridge University Press},
 address = {New York, NY, USA},
} 
